Beitrag in einer Zeitschrift
@article{MopOverview,
  author = {Lucien F. Trueb},
  title = {Die schwieriege Suche nach Gravitationswellen.},
  journal = {Wissenschaftliche Rundschau},
  volume = {58},
  number = {11},
  year = {2005},
  pages = {573--580}
}


Buch
@book{scala,
  author = {Kip Thorne},
  title = {Black Holes & Time Warps},
  year = {1994},
  edition = {1. Edition},
  publisher = {W. W. Norton & Co.}
}

Beitrag im Berichtsband einer Konferenz
@inproceedings{rltl,
  author = {Martin Leucker and C{\'e}sar S{\'a}nchez},
  title = {Regular {L}inear {T}emporal {L}ogic},
  booktitle = {Proceedings of the 4th International Colloquium on
    Theoretical Aspects of Computing (ICTAC)},
  pages = {291--305},
  year = 2007,
  editor = {C. B. Jones and Z. Liu and J. Woodcock},
  volume = 4711,
  publisher = {Springer},
  series = {Lecture Notes in Computer Science}
}

